<?xml version="1.0" encoding="UTF-8"?>
<!DOCTYPE html PUBLIC "-//W3C//DTD XHTML 1.0 Transitional//EN"
    "http://www.w3.org/TR/xhtml1/DTD/xhtml1-transitional.dtd">
<html xmlns="http://www.w3.org/1999/xhtml" xml:lang="en" lang="en">
 <head>
  <title>
</title>
<meta http-equiv="Content-Type" content="text/html;charset=utf-8" />
  <meta name='ocr-system' content='tesseract 3.04.00' />
  <meta name='ocr-capabilities' content='ocr_page ocr_carea ocr_par ocr_line ocrx_word'/>
</head>
<body>
  <div class='ocr_page' id='page_1' title='image "./carminumlibmacm00horauoft_0025.png"; bbox 0 0 1422 2248; ppageno 0'>
   <div class='ocr_carea' id='block_1_1' title="bbox 425 154 844 192">
    <p class='ocr_par' dir='ltr' id='par_1_1' title="bbox 425 154 844 192">
     <span class='ocr_line' id='line_1_1' title="bbox 425 154 844 192; baseline 0 -1"><span class='ocrx_word' id='word_1_1' title='bbox 425 157 517 192; x_wconf 87' lang='lat' dir='ltr'><strong>LIB.</strong></span> <span class='ocrx_word' id='word_1_2' title='bbox 551 156 580 191; x_wconf 93' lang='grc' dir='ltr'>Ι.</span> <span class='ocrx_word' id='word_1_3' title='bbox 614 156 721 192; x_wconf 85' lang='lat' dir='ltr'>CAR.</span> <span class='ocrx_word' id='word_1_4' title='bbox 754 154 844 191; x_wconf 90' lang='lat' dir='ltr'>XII.</span> 
     </span>
    </p>
   </div>
   <div class='ocr_carea' id='block_1_2' title="bbox 154 236 1102 619">
    <p class='ocr_par' dir='ltr' id='par_1_2' title="bbox 154 236 1102 619">
     <span class='ocr_line' id='line_1_2' title="bbox 154 236 848 286; baseline -0.007 -9"><span class='ocrx_word' id='word_1_5' title='bbox 154 236 261 277; x_wconf 82' lang='lat' dir='ltr'>unde</span> <span class='ocrx_word' id='word_1_6' title='bbox 284 239 341 275; x_wconf 90' lang='lat' dir='ltr'>nil</span> <span class='ocrx_word' id='word_1_7' title='bbox 367 238 495 275; x_wconf 84' lang='lat' dir='ltr'>maius</span> <span class='ocrx_word' id='word_1_8' title='bbox 519 240 728 286; x_wconf 86' lang='lat' dir='ltr'>generatur</span> <span class='ocrx_word' id='word_1_9' title='bbox 753 236 848 286; x_wconf 83' lang='lat' dir='ltr'>ipso,</span> 
     </span>
     <span class='ocr_line' id='line_1_3' title="bbox 154 298 1102 352; baseline -0.005 -11"><span class='ocrx_word' id='word_1_10' title='bbox 154 316 226 341; x_wconf 84' lang='lat' dir='ltr'>nec</span> <span class='ocrx_word' id='word_1_11' title='bbox 250 303 358 352; x_wconf 85' lang='lat' dir='ltr'>viget</span> <span class='ocrx_word' id='word_1_12' title='bbox 383 301 594 351; x_wconf 84' lang='lat' dir='ltr'><strong>quidquam</strong></span> <span class='ocrx_word' id='word_1_13' title='bbox 620 301 745 338; x_wconf 87' lang='lat' dir='ltr'>simile</span> <span class='ocrx_word' id='word_1_14' title='bbox 771 305 841 337; x_wconf 85' lang='lat' dir='ltr'>aut</span> <span class='ocrx_word' id='word_1_15' title='bbox 868 298 1102 337; x_wconf 87' lang='lat' dir='ltr'>secundum:</span> 
     </span>
     <span class='ocr_line' id='line_1_4' title="bbox 156 364 825 416; baseline -0.004 -13"><span class='ocrx_word' id='word_1_16' title='bbox 156 366 352 416; x_wconf 82' lang='lat' dir='ltr'>proximos</span> <span class='ocrx_word' id='word_1_17' title='bbox 377 365 437 402; x_wconf 90' lang='lat' dir='ltr'>illi</span> <span class='ocrx_word' id='word_1_18' title='bbox 462 369 595 402; x_wconf 88' lang='lat' dir='ltr'>tamen</span> <span class='ocrx_word' id='word_1_19' title='bbox 621 364 825 413; x_wconf 86' lang='lat' dir='ltr'>occupavit</span> 
     </span>
     <span class='ocr_line' id='line_1_5' title="bbox 314 428 646 466; baseline 0 0"><span class='ocrx_word' id='word_1_20' title='bbox 314 429 446 466; x_wconf 82' lang='lat' dir='ltr'>Pallas</span> <span class='ocrx_word' id='word_1_21' title='bbox 471 428 646 466; x_wconf 82' lang='lat' dir='ltr'><strong>honores.</strong></span> 
     </span>
     <span class='ocr_line' id='line_1_6' title="bbox 155 505 828 560; baseline -0.007 -13"><span class='ocrx_word' id='word_1_22' title='bbox 155 509 311 560; x_wconf 83' lang='lat' dir='ltr'>proeliis</span> <span class='ocrx_word' id='word_1_23' title='bbox 336 508 466 546; x_wconf 81' lang='lat' dir='ltr'>audax</span> <span class='ocrx_word' id='word_1_24' title='bbox 491 519 616 556; x_wconf 89' lang='lat' dir='ltr'>neque</span> <span class='ocrx_word' id='word_1_25' title='bbox 641 510 682 543; x_wconf 88' lang='lat' dir='ltr'>te</span> <span class='ocrx_word' id='word_1_26' title='bbox 708 505 828 543; x_wconf 83' lang='lat' dir='ltr'><strong>silebo</strong></span> 
     </span>
     <span class='ocr_line' id='line_1_7' title="bbox 156 570 826 619; baseline -0.007 -8"><span class='ocrx_word' id='word_1_27' title='bbox 156 574 275 611; x_wconf 90' lang='lat' dir='ltr'>Liber</span> <span class='ocrx_word' id='word_1_28' title='bbox 300 577 340 611; x_wconf 83' lang='lat' dir='ltr'>et</span> <span class='ocrx_word' id='word_1_29' title='bbox 366 572 491 610; x_wconf 78' lang='lat' dir='ltr'>saevis</span> <span class='ocrx_word' id='word_1_30' title='bbox 516 571 674 608; x_wconf 85' lang='lat' dir='ltr'>inimica</span> <span class='ocrx_word' id='word_1_31' title='bbox 699 570 826 619; x_wconf 87' lang='lat' dir='ltr'>Virgo</span> 
     </span>
    </p>
   </div>
   <div class='ocr_carea' id='block_1_3' title="bbox 156 634 805 749">
    <p class='ocr_par' dir='ltr' id='par_1_3' title="bbox 156 634 805 749">
     <span class='ocr_line' id='line_1_8' title="bbox 156 634 805 674; baseline -0.006 0"><span class='ocrx_word' id='word_1_32' title='bbox 156 637 280 674; x_wconf 87' lang='lat' dir='ltr'>beluis</span> <span class='ocrx_word' id='word_1_33' title='bbox 305 649 376 674; x_wconf 88' lang='lat' dir='ltr'>nec</span> <span class='ocrx_word' id='word_1_34' title='bbox 401 640 442 673; x_wconf 86' lang='lat' dir='ltr'>te</span> <span class='ocrx_word' id='word_1_35' title='bbox 467 634 674 673; x_wconf 75' lang='lat' dir='ltr'>metuende</span> <span class='ocrx_word' id='word_1_36' title='bbox 700 639 805 671; x_wconf 86' lang='lat' dir='ltr'>certa</span> 
     </span>
     <span class='ocr_line' id='line_1_9' title="bbox 314 699 648 749; baseline -0.006 -11"><span class='ocrx_word' id='word_1_37' title='bbox 314 701 469 738; x_wconf 89' lang='lat' dir='ltr'>Phoebe</span> <span class='ocrx_word' id='word_1_38' title='bbox 495 699 648 749; x_wconf 79' lang='lat' dir='ltr'>sagitta.</span> 
     </span>
    </p>
   </div>
   <div class='ocr_carea' id='block_1_4' title="bbox 158 776 962 1015">
    <p class='ocr_par' dir='ltr' id='par_1_4' title="bbox 158 776 960 828">
     <span class='ocr_line' id='line_1_10' title="bbox 158 776 960 828; baseline -0.006 -10"><span class='ocrx_word' id='word_1_39' title='bbox 158 781 283 818; x_wconf 83' lang='lat' dir='ltr'>dicam</span> <span class='ocrx_word' id='word_1_40' title='bbox 309 783 350 817; x_wconf 90' lang='lat' dir='ltr'>et</span> <span class='ocrx_word' id='word_1_41' title='bbox 375 779 555 816; x_wconf 85' lang='lat' dir='ltr'>Alcidem</span> <span class='ocrx_word' id='word_1_42' title='bbox 581 789 795 828; x_wconf 86' lang='lat' dir='ltr'>puerosque</span> <span class='ocrx_word' id='word_1_43' title='bbox 822 776 960 822; x_wconf 84' lang='lat' dir='ltr'>Ledae,</span> 
     </span>
    </p>

    <p class='ocr_par' dir='ltr' id='par_1_5' title="bbox 158 840 923 893">
     <span class='ocr_line' id='line_1_11' title="bbox 158 840 923 893; baseline -0.007 -12"><span class='ocrx_word' id='word_1_44' title='bbox 158 844 262 881; x_wconf 87' lang='lat' dir='ltr'>hune</span> <span class='ocrx_word' id='word_1_45' title='bbox 289 843 407 893; x_wconf 87' lang='lat' dir='ltr'>equis,</span> <span class='ocrx_word' id='word_1_46' title='bbox 435 842 548 879; x_wconf 90' lang='lat' dir='ltr'>illum</span> <span class='ocrx_word' id='word_1_47' title='bbox 574 853 755 891; x_wconf 82' lang='lat' dir='ltr'>superare</span> <span class='ocrx_word' id='word_1_48' title='bbox 782 840 923 890; x_wconf 80' lang='lat' dir='ltr'>pugnis</span> 
     </span>
    </p>

    <p class='ocr_par' dir='ltr' id='par_1_6' title="bbox 160 903 962 1015">
     <span class='ocr_line' id='line_1_12' title="bbox 160 903 962 956; baseline -0.005 -11"><span class='ocrx_word' id='word_1_49' title='bbox 160 908 328 945; x_wconf 89' lang='lat' dir='ltr'>nobilem</span> <span class='ocrx_word' id='word_1_50' title='bbox 335 920 346 954; x_wconf 72' lang='grc' dir='ltr'><strong><em>ς</em></strong></span> <span class='ocrx_word' id='word_1_51' title='bbox 382 919 546 956; x_wconf 90' lang='lat' dir='ltr'>quorum</span> <span class='ocrx_word' id='word_1_52' title='bbox 573 905 689 943; x_wconf 83' lang='lat' dir='ltr'>simul</span> <span class='ocrx_word' id='word_1_53' title='bbox 715 904 804 942; x_wconf 85' lang='lat' dir='ltr'>alba</span> <span class='ocrx_word' id='word_1_54' title='bbox 830 903 962 941; x_wconf 82' lang='lat' dir='ltr'>nautis</span> 
     </span>
     <span class='ocr_line' id='line_1_13' title="bbox 317 969 620 1015; baseline -0.01 -6"><span class='ocrx_word' id='word_1_55' title='bbox 317 971 429 1009; x_wconf 87' lang='lat' dir='ltr'>stella</span> <span class='ocrx_word' id='word_1_56' title='bbox 455 969 620 1015; x_wconf 75' lang='lat' dir='ltr'>refulsit,</span> 
     </span>
    </p>
   </div>
   <div class='ocr_carea' id='block_1_5' title="bbox 161 1045 953 1271">
    <p class='ocr_par' dir='ltr' id='par_1_7' title="bbox 161 1045 773 1094">
     <span class='ocr_line' id='line_1_14' title="bbox 161 1045 773 1094; baseline -0.007 -10"><span class='ocrx_word' id='word_1_57' title='bbox 161 1046 298 1084; x_wconf 80' lang='lat' dir='ltr'>defluit</span> <span class='ocrx_word' id='word_1_58' title='bbox 324 1045 428 1083; x_wconf 86' lang='lat' dir='ltr'>saxis</span> <span class='ocrx_word' id='word_1_59' title='bbox 453 1045 624 1094; x_wconf 84' lang='lat' dir='ltr'>agitatus</span> <span class='ocrx_word' id='word_1_60' title='bbox 650 1057 773 1090; x_wconf 87' lang='lat' dir='ltr'>umor,</span> 
     </span>
    </p>

    <p class='ocr_par' dir='ltr' id='par_1_8' title="bbox 162 1107 924 1156">
     <span class='ocr_line' id='line_1_15' title="bbox 162 1107 924 1156; baseline -0.005 -9"><span class='ocrx_word' id='word_1_61' title='bbox 162 1109 370 1147; x_wconf 79' lang='lat' dir='ltr'>concidunt</span> <span class='ocrx_word' id='word_1_62' title='bbox 395 1109 505 1146; x_wconf 85' lang='lat' dir='ltr'>venti</span> <span class='ocrx_word' id='word_1_63' title='bbox 531 1108 765 1156; x_wconf 78' lang='lat' dir='ltr'>fugiuntque</span> <span class='ocrx_word' id='word_1_64' title='bbox 791 1107 924 1151; x_wconf 87' lang='lat' dir='ltr'>nubes,</span> 
     </span>
    </p>

    <p class='ocr_par' dir='ltr' id='par_1_9' title="bbox 162 1170 953 1271">
     <span class='ocr_line' id='line_1_16' title="bbox 162 1170 953 1220; baseline -0.006 -10"><span class='ocrx_word' id='word_1_65' title='bbox 162 1177 203 1210; x_wconf 91' lang='lat' dir='ltr'>et</span> <span class='ocrx_word' id='word_1_66' title='bbox 228 1171 518 1220; x_wconf 85' lang='lat' dir='ltr'>minax—quod</span> <span class='ocrx_word' id='word_1_67' title='bbox 544 1171 599 1208; x_wconf 86' lang='lat' dir='ltr'>sie</span> <span class='ocrx_word' id='word_1_68' title='bbox 624 1170 953 1219; x_wconf 86' lang='lat' dir='ltr'>voluere—ponto</span> 
     </span>
     <span class='ocr_line' id='line_1_17' title="bbox 321 1233 724 1271; baseline -0.005 0"><span class='ocrx_word' id='word_1_69' title='bbox 321 1234 427 1271; x_wconf 89' lang='lat' dir='ltr'>unda</span> <span class='ocrx_word' id='word_1_70' title='bbox 454 1233 653 1270; x_wconf 87' lang='lat' dir='ltr'>recumbit.</span> <span class='ocrx_word' id='word_1_71' title='bbox 719 1241 724 1249; x_wconf 84' lang='lat'>·</span> 
     </span>
    </p>
   </div>
   <div class='ocr_carea' id='block_1_6' title="bbox 165 1305 1059 1537">
    <p class='ocr_par' dir='ltr' id='par_1_10' title="bbox 165 1305 1014 1357">
     <span class='ocr_line' id='line_1_18' title="bbox 165 1305 1014 1357; baseline -0.007 -11"><span class='ocrx_word' id='word_1_72' title='bbox 165 1308 377 1347; x_wconf 80' lang='lat' dir='ltr'>Romulum</span> <span class='ocrx_word' id='word_1_73' title='bbox 404 1311 491 1357; x_wconf 89' lang='lat' dir='ltr'>post</span> <span class='ocrx_word' id='word_1_74' title='bbox 517 1307 587 1344; x_wconf 86' lang='lat' dir='ltr'>hos</span> <span class='ocrx_word' id='word_1_75' title='bbox 614 1306 731 1355; x_wconf 84' lang='lat' dir='ltr'>prius,</span> <span class='ocrx_word' id='word_1_76' title='bbox 760 1318 812 1342; x_wconf 88' lang='lat' dir='ltr'>an</span> <span class='ocrx_word' id='word_1_77' title='bbox 839 1305 1014 1354; x_wconf 90' lang='lat' dir='ltr'>quietum</span> 
     </span>
    </p>

    <p class='ocr_par' dir='ltr' id='par_1_11' title="bbox 166 1369 1059 1422">
     <span class='ocr_line' id='line_1_19' title="bbox 166 1369 1059 1422; baseline -0.006 -12"><span class='ocrx_word' id='word_1_78' title='bbox 166 1372 335 1422; x_wconf 80' lang='lat' dir='ltr'>Pompili</span> <span class='ocrx_word' id='word_1_79' title='bbox 360 1385 522 1421; x_wconf 87' lang='lat' dir='ltr'>regnum</span> <span class='ocrx_word' id='word_1_80' title='bbox 548 1383 767 1416; x_wconf 86' lang='lat' dir='ltr'>memorem,</span> <span class='ocrx_word' id='word_1_81' title='bbox 796 1383 848 1406; x_wconf 88' lang='lat' dir='ltr'>an</span> <span class='ocrx_word' id='word_1_82' title='bbox 865 1369 1059 1418; x_wconf 74' lang='lat' dir='ltr'>superbos</span> 
     </span>
    </p>

    <p class='ocr_par' dir='ltr' id='par_1_12' title="bbox 165 1433 954 1537">
     <span class='ocr_line' id='line_1_20' title="bbox 165 1433 954 1486; baseline -0.005 -12"><span class='ocrx_word' id='word_1_83' title='bbox 165 1436 351 1486; x_wconf 78' lang='lat' dir='ltr'>Tarquini</span> <span class='ocrx_word' id='word_1_84' title='bbox 377 1436 509 1481; x_wconf 76' lang='lat' dir='ltr'>fasces,</span> <span class='ocrx_word' id='word_1_85' title='bbox 539 1435 686 1482; x_wconf 89' lang='lat' dir='ltr'>dubito,</span> <span class='ocrx_word' id='word_1_86' title='bbox 715 1447 767 1471; x_wconf 87' lang='lat' dir='ltr'>an</span> <span class='ocrx_word' id='word_1_87' title='bbox 794 1433 954 1471; x_wconf 76' lang='lat' dir='ltr'>Catonis</span> 
     </span>
     <span class='ocr_line' id='line_1_21' title="bbox 323 1500 611 1537; baseline -0.003 0"><span class='ocrx_word' id='word_1_88' title='bbox 323 1500 452 1537; x_wconf 83' lang='lat' dir='ltr'>nobile</span> <span class='ocrx_word' id='word_1_89' title='bbox 478 1500 611 1537; x_wconf 85' lang='lat' dir='ltr'>letum.</span> 
     </span>
    </p>
   </div>
   <div class='ocr_carea' id='block_1_7' title="bbox 168 1572 1059 2064">
    <p class='ocr_par' dir='ltr' id='par_1_13' title="bbox 168 1572 1059 2064">
     <span class='ocr_line' id='line_1_22' title="bbox 168 1572 1059 1623; baseline -0.004 -12"><span class='ocrx_word' id='word_1_90' title='bbox 168 1574 363 1623; x_wconf 83' lang='lat' dir='ltr'>Regulum</span> <span class='ocrx_word' id='word_1_91' title='bbox 388 1578 430 1610; x_wconf 87' lang='lat' dir='ltr'>et</span> <span class='ocrx_word' id='word_1_92' title='bbox 456 1573 619 1610; x_wconf 82' lang='lat' dir='ltr'>Scauros</span> <span class='ocrx_word' id='word_1_93' title='bbox 644 1572 871 1621; x_wconf 82' lang='lat' dir='ltr'>animaeque</span> <span class='ocrx_word' id='word_1_94' title='bbox 897 1582 1059 1620; x_wconf 81' lang='lat' dir='ltr'>magnae</span> 
     </span>
     <span class='ocr_line' id='line_1_23' title="bbox 169 1635 975 1688; baseline -0.005 -12"><span class='ocrx_word' id='word_1_95' title='bbox 169 1639 373 1688; x_wconf 88' lang='lat' dir='ltr'>prodigum</span> <span class='ocrx_word' id='word_1_96' title='bbox 399 1638 582 1675; x_wconf 83' lang='lat' dir='ltr'>Paullum</span> <span class='ocrx_word' id='word_1_97' title='bbox 608 1640 816 1686; x_wconf 71' lang='lat' dir='ltr'>superante</span> <span class='ocrx_word' id='word_1_98' title='bbox 843 1635 975 1673; x_wconf 91' lang='lat' dir='ltr'>Poeno</span> 
     </span>
     <span class='ocr_line' id='line_1_24' title="bbox 170 1698 862 1750; baseline -0.006 -12"><span class='ocrx_word' id='word_1_99' title='bbox 170 1705 304 1750; x_wconf 85' lang='lat' dir='ltr'>gratus</span> <span class='ocrx_word' id='word_1_100' title='bbox 329 1700 474 1749; x_wconf 83' lang='lat' dir='ltr'>insigni</span> <span class='ocrx_word' id='word_1_101' title='bbox 499 1699 665 1737; x_wconf 84' lang='lat' dir='ltr'>referam</span> <span class='ocrx_word' id='word_1_102' title='bbox 692 1698 862 1735; x_wconf 85' lang='lat' dir='ltr'>Camena</span> 
     </span>
     <span class='ocr_line' id='line_1_25' title="bbox 327 1762 632 1811; baseline -0.007 -11"><span class='ocrx_word' id='word_1_103' title='bbox 327 1762 632 1811; x_wconf 83' lang='lat' dir='ltr'>Fabriciumque.</span> 
     </span>
     <span class='ocr_line' id='line_1_26' title="bbox 171 1833 934 1884; baseline -0.003 -12"><span class='ocrx_word' id='word_1_104' title='bbox 171 1837 275 1873; x_wconf 86' lang='lat' dir='ltr'>hunc</span> <span class='ocrx_word' id='word_1_105' title='bbox 300 1841 341 1874; x_wconf 87' lang='lat' dir='ltr'>et</span> <span class='ocrx_word' id='word_1_106' title='bbox 366 1836 572 1884; x_wconf 75' lang='lat' dir='ltr'>incomptis</span> <span class='ocrx_word' id='word_1_107' title='bbox 598 1835 759 1872; x_wconf 83' lang='lat' dir='ltr'>Curium</span> <span class='ocrx_word' id='word_1_108' title='bbox 785 1833 934 1883; x_wconf 82' lang='lat' dir='ltr'>capillis</span> 
     </span>
     <span class='ocr_line' id='line_1_27' title="bbox 173 1897 856 1936; baseline -0.003 0"><span class='ocrx_word' id='word_1_109' title='bbox 173 1899 309 1936; x_wconf 86' lang='lat' dir='ltr'>utilem</span> <span class='ocrx_word' id='word_1_110' title='bbox 334 1899 436 1936; x_wconf 90' lang='lat' dir='ltr'>bello</span> <span class='ocrx_word' id='word_1_111' title='bbox 461 1899 556 1936; x_wconf 86' lang='lat' dir='ltr'>tulit</span> <span class='ocrx_word' id='word_1_112' title='bbox 582 1902 622 1935; x_wconf 91' lang='lat' dir='ltr'>et</span> <span class='ocrx_word' id='word_1_113' title='bbox 649 1897 856 1935; x_wconf 83' lang='lat' dir='ltr'>Camillum</span> 
     </span>
     <span class='ocr_line' id='line_1_28' title="bbox 174 1961 861 2011; baseline -0.003 -12"><span class='ocrx_word' id='word_1_114' title='bbox 174 1974 289 1999; x_wconf 84' lang='lat' dir='ltr'>saeva</span> <span class='ocrx_word' id='word_1_115' title='bbox 314 1966 522 2011; x_wconf 86' lang='lat' dir='ltr'>paupertas</span> <span class='ocrx_word' id='word_1_116' title='bbox 547 1965 588 1998; x_wconf 90' lang='lat' dir='ltr'>et</span> <span class='ocrx_word' id='word_1_117' title='bbox 613 1961 743 1998; x_wconf 78' lang='lat' dir='ltr'>avitus</span> <span class='ocrx_word' id='word_1_118' title='bbox 769 1963 861 2010; x_wconf 84' lang='lat' dir='ltr'>apto</span> 
     </span>
     <span class='ocr_line' id='line_1_29' title="bbox 332 2025 706 2064; baseline 0.003 -1"><span class='ocrx_word' id='word_1_119' title='bbox 332 2039 419 2063; x_wconf 85' lang='lat' dir='ltr'>cum</span> <span class='ocrx_word' id='word_1_120' title='bbox 445 2027 525 2064; x_wconf 89' lang='lat' dir='ltr'>lare</span> <span class='ocrx_word' id='word_1_121' title='bbox 550 2025 706 2064; x_wconf 78' lang='lat' dir='ltr'>fundus.</span> 
     </span>
    </p>
   </div>
  </div>
 </body>
</html>
