<?xml version="1.0" encoding="UTF-8"?>
<!DOCTYPE html PUBLIC "-//W3C//DTD XHTML 1.0 Transitional//EN"
    "http://www.w3.org/TR/xhtml1/DTD/xhtml1-transitional.dtd">
<html xmlns="http://www.w3.org/1999/xhtml" xml:lang="en" lang="en">
 <head>
  <title>
</title>
<meta http-equiv="Content-Type" content="text/html;charset=utf-8" />
  <meta name='ocr-system' content='tesseract 3.04.00' />
  <meta name='ocr-capabilities' content='ocr_page ocr_carea ocr_par ocr_line ocrx_word'/>
</head>
<body>
  <div class='ocr_page' id='page_1' title='image "./carminumlibmacm00horauoft_0043.png"; bbox 0 0 1422 2248; ppageno 0'>
   <div class='ocr_carea' id='block_1_1' title="bbox 362 144 869 187">
    <p class='ocr_par' dir='ltr' id='par_1_1' title="bbox 362 144 869 187">
     <span class='ocr_line' id='line_1_1' title="bbox 362 144 869 187; baseline 0.014 -7"><span class='ocrx_word' id='word_1_1' title='bbox 362 144 456 182; x_wconf 86' lang='lat' dir='ltr'><strong>LIB.</strong></span> <span class='ocrx_word' id='word_1_2' title='bbox 489 145 519 181; x_wconf 87' lang='lat' dir='ltr'>L</span> <span class='ocrx_word' id='word_1_3' title='bbox 551 147 661 184; x_wconf 73' lang='lat' dir='ltr'>CAR.</span> <span class='ocrx_word' id='word_1_4' title='bbox 692 148 869 187; x_wconf 82' lang='lat' dir='ltr'><strong>XXXIV.</strong></span> 
     </span>
    </p>
   </div>
   <div class='ocr_carea' id='block_1_2' title="bbox 136 223 965 458">
    <p class='ocr_par' dir='ltr' id='par_1_2' title="bbox 137 223 927 275">
     <span class='ocr_line' id='line_1_2' title="bbox 137 223 927 275; baseline 0.009 -16"><span class='ocrx_word' id='word_1_5' title='bbox 137 233 262 270; x_wconf 78' lang='lat' dir='ltr'>quam·</span> <span class='ocrx_word' id='word_1_6' title='bbox 279 223 388 273; x_wconf 79' lang='lat' dir='ltr'>turpi</span> <span class='ocrx_word' id='word_1_7' title='bbox 413 223 559 263; x_wconf 66' lang='lat' dir='ltr'>Pholoe</span> <span class='ocrx_word' id='word_1_8' title='bbox 582 230 714 275; x_wconf 81' lang='lat' dir='ltr'>peooet</span> <span class='ocrx_word' id='word_1_9' title='bbox 738 227 927 266; x_wconf 84' lang='lat' dir='ltr'>adultero.</span> 
     </span>
    </p>

    <p class='ocr_par' dir='ltr' id='par_1_3' title="bbox 136 285 965 342">
     <span class='ocr_line' id='line_1_3' title="bbox 136 285 965 342; baseline 0.011 -20"><span class='ocrx_word' id='word_1_10' title='bbox 136 285 192 323; x_wconf 83' lang='lat' dir='ltr'>sic</span> <span class='ocrx_word' id='word_1_11' title='bbox 216 285 345 324; x_wconf 83' lang='lat' dir='ltr'>visum</span> <span class='ocrx_word' id='word_1_12' title='bbox 370 287 528 335; x_wconf 84' lang='lat' dir='ltr'>Veneri,</span> <span class='ocrx_word' id='word_1_13' title='bbox 556 290 621 327; x_wconf 88' lang='lat' dir='ltr'>cui</span> <span class='ocrx_word' id='word_1_14' title='bbox 644 290 773 340; x_wconf 85' lang='lat' dir='ltr'>plaeet</span> <span class='ocrx_word' id='word_1_15' title='bbox 797 292 965 342; x_wconf 55' lang='lat' dir='ltr'>impares</span> 
     </span>
    </p>

    <p class='ocr_par' dir='ltr' id='par_1_4' title="bbox 136 347 962 458">
     <span class='ocr_line' id='line_1_4' title="bbox 136 347 962 405; baseline 0.013 -21"><span class='ocrx_word' id='word_1_16' title='bbox 136 347 283 386; x_wconf 79' lang='lat' dir='ltr'>formas</span> <span class='ocrx_word' id='word_1_17' title='bbox 307 353 427 400; x_wconf 75' lang='lat' dir='ltr'>atque</span> <span class='ocrx_word' id='word_1_18' title='bbox 450 352 602 390; x_wconf 77' lang='lat' dir='ltr'>animos</span> <span class='ocrx_word' id='word_1_19' title='bbox 627 354 700 391; x_wconf 87' lang='lat' dir='ltr'>sub</span> <span class='ocrx_word' id='word_1_20' title='bbox 726 354 819 405; x_wconf 80' lang='lat' dir='ltr'>iuga</span> <span class='ocrx_word' id='word_1_21' title='bbox 843 362 962 394; x_wconf 68' lang='lat' dir='ltr'>aenea</span> 
     </span>
     <span class='ocr_line' id='line_1_5' title="bbox 240 415 770 458; baseline 0.013 -8"><span class='ocrx_word' id='word_1_22' title='bbox 240 425 356 452; x_wconf 67' lang='lat' dir='ltr'>saevo</span> <span class='ocrx_word' id='word_1_23' title='bbox 381 415 538 454; x_wconf 77' lang='lat' dir='ltr'>mittere</span> <span class='ocrx_word' id='word_1_24' title='bbox 563 430 652 454; x_wconf 88' lang='lat' dir='ltr'>cum</span> <span class='ocrx_word' id='word_1_25' title='bbox 676 418 770 458; x_wconf 74' lang='lat'><strong>1000.</strong></span> 
     </span>
    </p>
   </div>
   <div class='ocr_carea' id='block_1_3' title="bbox 135 484 988 541">
    <p class='ocr_par' dir='ltr' id='par_1_5' title="bbox 135 484 988 541">
     <span class='ocr_line' id='line_1_6' title="bbox 135 484 988 541; baseline 0.013 -20"><span class='ocrx_word' id='word_1_26' title='bbox 135 484 264 534; x_wconf 82' lang='lat' dir='ltr'>ipsum</span> <span class='ocrx_word' id='word_1_27' title='bbox 288 498 362 535; x_wconf 87' lang='lat' dir='ltr'>me,</span> <span class='ocrx_word' id='word_1_28' title='bbox 388 488 525 527; x_wconf 85' lang='lat' dir='ltr'>melior</span> <span class='ocrx_word' id='word_1_29' title='bbox 550 503 639 528; x_wconf 84' lang='lat' dir='ltr'>cum</span> <span class='ocrx_word' id='word_1_30' title='bbox 664 495 814 541; x_wconf 87' lang='lat' dir='ltr'>peteret</span> <span class='ocrx_word' id='word_1_31' title='bbox 841 492 988 540; x_wconf 85' lang='lat' dir='ltr'>Venus,</span> 
     </span>
    </p>
   </div>
   <div class='ocr_carea' id='block_1_4' title="bbox 135 549 852 721">
    <p class='ocr_par' dir='ltr' id='par_1_6' title="bbox 135 549 852 721">
     <span class='ocr_line' id='line_1_7' title="bbox 135 549 852 605; baseline 0.013 -20"><span class='ocrx_word' id='word_1_32' title='bbox 135 552 248 597; x_wconf 86' lang='lat' dir='ltr'>grata</span> <span class='ocrx_word' id='word_1_33' title='bbox 273 549 444 588; x_wconf 83' lang='lat' dir='ltr'>detinuit</span> <span class='ocrx_word' id='word_1_34' title='bbox 469 554 652 603; x_wconf 84' lang='lat' dir='ltr'>oompede</span> <span class='ocrx_word' id='word_1_35' title='bbox 677 555 852 605; x_wconf 82' lang='lat' dir='ltr'>Myrtale</span> 
     </span>
     <span class='ocr_line' id='line_1_8' title="bbox 136 610 820 660; baseline 0.015 -13"><span class='ocrx_word' id='word_1_36' title='bbox 136 610 329 660; x_wconf 82' lang='lat' dir='ltr'>libertina,</span> <span class='ocrx_word' id='word_1_37' title='bbox 356 614 468 653; x_wconf 79' lang='lat' dir='ltr'>fretis</span> <span class='ocrx_word' id='word_1_38' title='bbox 492 617 618 655; x_wconf 83' lang='lat' dir='ltr'>acrior</span> <span class='ocrx_word' id='word_1_39' title='bbox 642 618 820 657; x_wconf 76' lang='lat' dir='ltr'>Hadriae</span> 
     </span>
     <span class='ocr_line' id='line_1_9' title="bbox 240 677 795 721; baseline 0.014 -8"><span class='ocrx_word' id='word_1_40' title='bbox 240 677 439 715; x_wconf 76' lang='lat' dir='ltr'>curvantis</span> <span class='ocrx_word' id='word_1_41' title='bbox 466 679 651 718; x_wconf 84' lang='lat' dir='ltr'>Calabros</span> <span class='ocrx_word' id='word_1_42' title='bbox 677 682 795 721; x_wconf 85' lang='lat' dir='ltr'>sinus.</span> 
     </span>
    </p>
   </div>
   <div class='ocr_carea' id='block_1_5' title="bbox 383 884 976 991">
    <p class='ocr_par' dir='ltr' id='par_1_7' title="bbox 383 884 976 991">
     <span class='ocr_line' id='line_1_10' title="bbox 383 884 976 991; baseline 0.017 -40"><span class='ocrx_word' id='word_1_43' title='bbox 383 884 881 991; x_wconf 50' lang='grc' dir='ltr'><strong>(1111Μῲ17.</strong></span> <span class='ocrx_word' id='word_1_44' title='bbox 864 889 882 893; x_wconf 48' lang='grc'><em>”</em></span> <span class='ocrx_word' id='word_1_45' title='bbox 888 898 976 967; x_wconf 59' lang='lat'>25&gt;</span> 
     </span>
    </p>
   </div>
   <div class='ocr_carea' id='block_1_6' title="bbox 134 1017 945 1261">
    <p class='ocr_par' dir='ltr' id='par_1_8' title="bbox 134 1017 945 1261">
     <span class='ocr_line' id='line_1_11' title="bbox 136 1017 945 1076; baseline 0.014 -21"><span class='ocrx_word' id='word_1_46' title='bbox 136 1017 281 1058; x_wconf 79' lang='lat' dir='ltr'>Parcus</span> <span class='ocrx_word' id='word_1_47' title='bbox 306 1019 467 1059; x_wconf 87' lang='lat' dir='ltr'>deorum</span> <span class='ocrx_word' id='word_1_48' title='bbox 492 1022 618 1061; x_wconf 88' lang='lat' dir='ltr'>cultor</span> <span class='ocrx_word' id='word_1_49' title='bbox 643 1028 685 1062; x_wconf 89' lang='lat' dir='ltr'>et</span> <span class='ocrx_word' id='word_1_50' title='bbox 709 1025 945 1076; x_wconf 76' lang='lat' dir='ltr'>infrequens,</span> 
     </span>
     <span class='ocr_line' id='line_1_12' title="bbox 134 1082 722 1137; baseline 0.014 -18"><span class='ocrx_word' id='word_1_51' title='bbox 134 1082 365 1122; x_wconf 70' lang='lat' dir='ltr'>insumentis</span> <span class='ocrx_word' id='word_1_52' title='bbox 390 1084 484 1123; x_wconf 91' lang='lat' dir='ltr'>dum</span> <span class='ocrx_word' id='word_1_53' title='bbox 510 1088 722 1137; x_wconf 76' lang='lat' dir='ltr'>sapientiae</span> 
     </span>
     <span class='ocr_line' id='line_1_13' title="bbox 187 1146 878 1196; baseline 0.012 -13"><span class='ocrx_word' id='word_1_54' title='bbox 187 1146 386 1185; x_wconf 81' lang='lat' dir='ltr'>consultus</span> <span class='ocrx_word' id='word_1_55' title='bbox 412 1161 508 1196; x_wconf 87' lang='lat' dir='ltr'>erro,</span> <span class='ocrx_word' id='word_1_56' title='bbox 536 1163 641 1188; x_wconf 84' lang='lat' dir='ltr'>nuno</span> <span class='ocrx_word' id='word_1_57' title='bbox 666 1156 878 1191; x_wconf 79' lang='lat' dir='ltr'>retrorsum</span> 
     </span>
     <span class='ocr_line' id='line_1_14' title="bbox 240 1209 916 1261; baseline 0.013 -15"><span class='ocrx_word' id='word_1_58' title='bbox 240 1209 328 1247; x_wconf 78' lang='lat' dir='ltr'>vela</span> <span class='ocrx_word' id='word_1_59' title='bbox 354 1210 446 1248; x_wconf 88' lang='lat' dir='ltr'>dare</span> <span class='ocrx_word' id='word_1_60' title='bbox 471 1216 590 1261; x_wconf 79' lang='lat' dir='ltr'>atque</span> <span class='ocrx_word' id='word_1_61' title='bbox 614 1214 757 1252; x_wconf 85' lang='lat' dir='ltr'>iterare</span> <span class='ocrx_word' id='word_1_62' title='bbox 782 1229 916 1254; x_wconf 81' lang='lat' dir='ltr'>cursus</span> 
     </span>
    </p>
   </div>
   <div class='ocr_carea' id='block_1_7' title="bbox 134 1284 950 1603">
    <p class='ocr_par' dir='ltr' id='par_1_9' title="bbox 134 1284 950 1603">
     <span class='ocr_line' id='line_1_15' title="bbox 136 1284 884 1340; baseline 0.011 -20"><span class='ocrx_word' id='word_1_63' title='bbox 136 1295 250 1333; x_wconf 86' lang='lat' dir='ltr'>cogor</span> <span class='ocrx_word' id='word_1_64' title='bbox 275 1284 446 1323; x_wconf 83' lang='lat' dir='ltr'>relictos·</span> <span class='ocrx_word' id='word_1_65' title='bbox 482 1299 650 1336; x_wconf 85' lang='lat' dir='ltr'>namque</span> <span class='ocrx_word' id='word_1_66' title='bbox 676 1287 884 1340; x_wconf 79' lang='lat' dir='ltr'>Diespiter,</span> 
     </span>
     <span class='ocr_line' id='line_1_16' title="bbox 135 1347 761 1396; baseline 0.011 -12"><span class='ocrx_word' id='word_1_67' title='bbox 135 1347 218 1396; x_wconf 87' lang='lat' dir='ltr'>igni</span> <span class='ocrx_word' id='word_1_68' title='bbox 243 1360 399 1386; x_wconf 73' lang='grc' dir='ltr'><strong>σοι-11500</strong></span> <span class='ocrx_word' id='word_1_69' title='bbox 423 1350 558 1388; x_wconf 83' lang='lat' dir='ltr'>nubila</span> <span class='ocrx_word' id='word_1_70' title='bbox 584 1351 761 1390; x_wconf 79' lang='lat' dir='ltr'>dividens</span> 
     </span>
     <span class='ocr_line' id='line_1_17' title="bbox 186 1410 892 1464; baseline 0.011 -16"><span class='ocrx_word' id='word_1_71' title='bbox 186 1410 422 1462; x_wconf 89' lang='lat' dir='ltr'>plerumque,</span> <span class='ocrx_word' id='word_1_72' title='bbox 450 1426 519 1464; x_wconf 89' lang='lat' dir='ltr'>per</span> <span class='ocrx_word' id='word_1_73' title='bbox 544 1427 685 1464; x_wconf 90' lang='lat' dir='ltr'>purum</span> <span class='ocrx_word' id='word_1_74' title='bbox 710 1420 892 1456; x_wconf 85' lang='lat' dir='ltr'>tonantes</span> 
     </span>
     <span class='ocr_line' id='line_1_18' title="bbox 240 1477 950 1531; baseline 0.011 -18"><span class='ocrx_word' id='word_1_75' title='bbox 240 1477 320 1526; x_wconf 88' lang='lat' dir='ltr'>egit</span> <span class='ocrx_word' id='word_1_76' title='bbox 346 1490 463 1526; x_wconf 86' lang='lat' dir='ltr'>equos</span> <span class='ocrx_word' id='word_1_77' title='bbox 488 1479 759 1531; x_wconf 80' lang='lat' dir='ltr'>volucremque</span> <span class='ocrx_word' id='word_1_78' title='bbox 784 1495 950 1530; x_wconf 85' lang='lat' dir='ltr'>currum,</span> 
     </span>
     <span class='ocr_line' id='line_1_19' title="bbox 134 1549 885 1603; baseline 0.012 -19"><span class='ocrx_word' id='word_1_79' title='bbox 134 1560 211 1597; x_wconf 91' lang='lat' dir='ltr'>quo</span> <span class='ocrx_word' id='word_1_80' title='bbox 236 1549 354 1587; x_wconf 82' lang='lat' dir='ltr'>bruta</span> <span class='ocrx_word' id='word_1_81' title='bbox 378 1550 496 1588; x_wconf 86' lang='lat' dir='ltr'>tellus</span> <span class='ocrx_word' id='word_1_82' title='bbox 522 1556 563 1590; x_wconf 88' lang='lat' dir='ltr'>et</span> <span class='ocrx_word' id='word_1_83' title='bbox 587 1565 688 1603; x_wconf 83' lang='lat' dir='ltr'>vaga</span> <span class='ocrx_word' id='word_1_84' title='bbox 713 1554 885 1601; x_wconf 88' lang='lat' dir='ltr'>flumina,</span> 
     </span>
    </p>
   </div>
   <div class='ocr_carea' id='block_1_8' title="bbox 134 1612 919 1728">
    <p class='ocr_par' dir='ltr' id='par_1_10' title="bbox 134 1612 919 1728">
     <span class='ocr_line' id='line_1_20' title="bbox 134 1612 919 1662; baseline 0.011 -14"><span class='ocrx_word' id='word_1_85' title='bbox 134 1623 211 1660; x_wconf 91' lang='lat' dir='ltr'>quo</span> <span class='ocrx_word' id='word_1_86' title='bbox 237 1612 338 1662; x_wconf 83' lang='lat' dir='ltr'>Styx</span> <span class='ocrx_word' id='word_1_87' title='bbox 363 1618 404 1651; x_wconf 90' lang='lat' dir='ltr'>et</span> <span class='ocrx_word' id='word_1_88' title='bbox 429 1614 547 1653; x_wconf 86' lang='lat' dir='ltr'>invisi</span> <span class='ocrx_word' id='word_1_89' title='bbox 572 1615 730 1655; x_wconf 87' lang='lat' dir='ltr'>horrida</span> <span class='ocrx_word' id='word_1_90' title='bbox 755 1617 919 1656; x_wconf 84' lang='lat' dir='ltr'>Taenari</span> 
     </span>
     <span class='ocr_line' id='line_1_21' title="bbox 185 1676 722 1728; baseline 0.011 -15"><span class='ocrx_word' id='word_1_91' title='bbox 185 1676 294 1714; x_wconf 86' lang='lat' dir='ltr'>sedes</span> <span class='ocrx_word' id='word_1_92' title='bbox 318 1678 606 1728; x_wconf 76' lang='lat' dir='ltr'>Atlanteusque</span> <span class='ocrx_word' id='word_1_93' title='bbox 631 1680 722 1718; x_wconf 88' lang='lat' dir='ltr'>finis</span> 
     </span>
    </p>
   </div>
   <div class='ocr_carea' id='block_1_9' title="bbox 237 1742 916 1783">
    <p class='ocr_par' dir='ltr' id='par_1_11' title="bbox 237 1742 916 1783">
     <span class='ocr_line' id='line_1_22' title="bbox 237 1742 916 1783; baseline 0.01 -6"><span class='ocrx_word' id='word_1_94' title='bbox 237 1742 464 1779; x_wconf 76' lang='lat' dir='ltr'>concutitur.</span> <span class='ocrx_word' id='word_1_95' title='bbox 520 1743 626 1780; x_wconf 84' lang='lat' dir='ltr'>valet</span> <span class='ocrx_word' id='word_1_96' title='bbox 651 1744 730 1782; x_wconf 85' lang='lat' dir='ltr'>ima</span> <span class='ocrx_word' id='word_1_97' title='bbox 756 1746 916 1783; x_wconf 86' lang='lat' dir='ltr'>summis</span> 
     </span>
    </p>
   </div>
   <div class='ocr_carea' id='block_1_10' title="bbox 133 1816 963 2058">
    <p class='ocr_par' dir='ltr' id='par_1_12' title="bbox 133 1816 963 2058">
     <span class='ocr_line' id='line_1_23' title="bbox 133 1816 892 1866; baseline 0.011 -16"><span class='ocrx_word' id='word_1_98' title='bbox 133 1818 284 1852; x_wconf 80' lang='lat' dir='ltr'>mutare</span> <span class='ocrx_word' id='word_1_99' title='bbox 309 1819 350 1853; x_wconf 90' lang='lat' dir='ltr'>et</span> <span class='ocrx_word' id='word_1_100' title='bbox 375 1816 564 1866; x_wconf 78' lang='lat' dir='ltr'>insignem</span> <span class='ocrx_word' id='word_1_101' title='bbox 590 1822 772 1857; x_wconf 84' lang='lat' dir='ltr'>attenuat</span> <span class='ocrx_word' id='word_1_102' title='bbox 797 1819 892 1858; x_wconf 87' lang='lat' dir='ltr'>deus</span> 
     </span>
     <span class='ocr_line' id='line_1_24' title="bbox 133 1876 963 1935; baseline 0.012 -22"><span class='ocrx_word' id='word_1_103' title='bbox 133 1876 294 1916; x_wconf 77' lang='lat' dir='ltr'>obseura</span> <span class='ocrx_word' id='word_1_104' title='bbox 319 1891 515 1928; x_wconf 86' lang='lat' dir='ltr'>promens;</span> <span class='ocrx_word' id='word_1_105' title='bbox 551 1881 643 1920; x_wconf 83' lang='lat' dir='ltr'>hino</span> <span class='ocrx_word' id='word_1_106' title='bbox 668 1883 816 1932; x_wconf 85' lang='lat' dir='ltr'>apicem</span> <span class='ocrx_word' id='word_1_107' title='bbox 842 1896 963 1935; x_wconf 81' lang='lat' dir='ltr'>rapax</span> 
     </span>
     <span class='ocr_line' id='line_1_25' title="bbox 186 1939 807 1984; baseline 0.013 -7"><span class='ocrx_word' id='word_1_108' title='bbox 186 1939 362 1979; x_wconf 78' lang='lat' dir='ltr'>Fortuna</span> <span class='ocrx_word' id='word_1_109' title='bbox 387 1955 475 1980; x_wconf 86' lang='lat' dir='ltr'>cum</span> <span class='ocrx_word' id='word_1_110' title='bbox 501 1944 667 1983; x_wconf 81' lang='lat' dir='ltr'>stridore</span> <span class='ocrx_word' id='word_1_111' title='bbox 692 1950 807 1984; x_wconf 80' lang='lat' dir='ltr'>acuto</span> 
     </span>
     <span class='ocr_line' id='line_1_26' title="bbox 238 2005 875 2058; baseline 0.011 -17"><span class='ocrx_word' id='word_1_112' title='bbox 238 2005 406 2053; x_wconf 82' lang='lat' dir='ltr'>sustulit,</span> <span class='ocrx_word' id='word_1_113' title='bbox 435 2006 499 2044; x_wconf 82' lang='lat' dir='ltr'>hie</span> <span class='ocrx_word' id='word_1_114' title='bbox 524 2009 696 2057; x_wconf 81' lang='lat' dir='ltr'>posuisse</span> <span class='ocrx_word' id='word_1_115' title='bbox 722 2009 875 2058; x_wconf 81' lang='lat' dir='ltr'>gaudet.</span> 
     </span>
    </p>
   </div>
   <div class='ocr_carea' id='block_1_11' title="bbox 1162 158 1204 190">
    <p class='ocr_par' dir='ltr' id='par_1_13' title="bbox 1162 158 1204 190">
     <span class='ocr_line' id='line_1_27' title="bbox 1162 158 1204 190; baseline 0 0"><span class='ocrx_word' id='word_1_116' title='bbox 1162 158 1204 190; x_wconf 83' lang='lat'>31</span> 
     </span>
    </p>
   </div>
  </div>
 </body>
</html>
