1422 2248
364 141 457 177 LIB.
490 140 521 176 L
554 140 662 176 CAR.
694 139 777 174 XX.
810 138 916 173 XXL

257 219 328 258 -hic
353 221 490 269 vivum
514 219 612 256 mihi
639 218 860 268 eaaepitem,
888 218 953 255 hic

160 285 358 330 verbenas,
385 284 508 334 pueri,
536 284 672 333 ponite
697 282 893 332 thuraque

264 347 363 384 bimi
387 359 476 384 cum
501 350 639 396 patera
663 346 787 384 meri:

161 415 331 449 mactata
355 412 488 449 veniet
513 411 639 448 lenior
664 410 805 448 hostia.

462 549 700 587 GARMEN
727 549 827 587 XX.

164 643 260 682 Vile
284 645 438 694 potabis
462 645 625 682 modicis
651 645 841 682 Sabinum

165 708 372 755 canthm-is,
400 708 548 745 Graeoe
574 707 678 757 quod
704 721 775 758 ego
800 707 885 757 ipse
910 711 1013 744 testa

166 772 366 810 eonditum
391 772 480 817 levi,
508 772 625 810 datus
650 773 694 809 in
718 773 874 810 theatro

324 849 412 874 cum
437 837 512 873 tibi
538 836 710 886 plausus,

168 913 256 938 eare
281 900 488 938 Maecenas
514 914 642 950 eques,
670 905 719 938 ut
743 900 901 950 paterni

170 965 342 1002 fluminis
368 966 475 1014 ripae
502 965 619 1002 simul
645 968 687 1002 et
712 964 840 1002 iocosa

171 1029 350 1068 redderet
374 1030 510 1067 laudae
535 1029 610 1066 tibi
636 1029 825 1066 Vatioeni

328 1094 473 1130 montis
499 1093 636 1142 imago.

174 1155 394 1193 Caecubum
420 1160 461 1192 et
486 1155 595 1204 prelo
621 1154 809 1191 domitam
837 1153 982 1191 Caleno

174 1223 220 1256 tu
245 1219 355 1256 biboe
379 1232 519 1255 uvam:
558 1231 646 1255 mea
670 1230 743 1255 nec
769 1217 957 1254 Falernae

175 1286 395 1332 temperant
421 1282 522 1318 vitea
547 1293 673 1330 neque
699 1280 899 1318 Formiani

333 1344 471 1393 pocula
496 1343 623 1382 colles.

468 1479 706 1517 CAR-MEN
733 1479 853 1517 XXI.

181 1576 350 1614 Dianam
375 1580 533 1614 tenerae
559 1577 677 1615 dicite
702 1577 883 1626 virgines,

180 1641 390 1686 intonsum,
419 1641 541 1689 pueri,
569 1640 686 1678 dicite
713 1639 928 1689 Cynthium

339 1704 607 1753 Latonamque
632 1716 812 1753 supremo

394 1767 575 1805 dilectam
601 1768 759 1817 penitus
785 1766 883 1804 Iovi.

183 1844 254 1868 vos
278 1831 421 1868 laetam
447 1831 578 1868 fluviis
603 1835 643 1868 et
668 1843 870 1868 nemorum
896 1842 1015 1874 eoma,

185 1907 434 1944 quaecunque
459 1899 531 1932 aut
555 1894 682 1943 gelido
708 1893 904 1943 prominet
930 1892 1088 1943 Algido,

343 1958 465 2007 nigris
490 1962 561 1994 aut
587 1956 822 2006 Erymanthi

397 2021 506 2058 silvis
532 2026 602 2058 aut
627 2021 764 2058 viridis
791 2020 923 2069 Omg1;

1187 137 1228 170 21
