1422 2248
468 154 561 190 LIB.
594 154 624 189 Ι.
657 153 765 188 CAR.
799 151 851 187 IL

178 230 341 288 piscium
366 240 408 275 et
435 249 587 274 summa
611 247 734 284 genus
759 233 887 271 haesit
913 233 1030 280 ulmo,

179 305 274 340 nota
299 313 398 351 quae
423 300 532 337 sedes
557 299 688 336 fuerat
713 297 910 344 columbis,

183 369 224 402 et
250 363 465 413 superiecto
491 361 656 412 pavidae
681 363 872 397 natarunt

337 439 502 477 aequore
528 426 674 463 damae.

180 502 350 540 vidimus
374 501 520 538 flavum
545 499 715 536 Tiberim
741 497 899 535 retortis

181 567 295 604 litore
321 566 486 602 Etrusco
512 564 703 601 violenter
728 562 846 599 undis

181 631 239 668 ire
265 629 456 668 deiectum
481 630 734 664 monumenta
760 626 862 675 regis

337 696 559 746 templaque
585 694 759 741 Vestae3

182 773 281 810 Iliae
307 772 401 810 dum
427 784 468 809 se
493 771 659 808 nimium
685 769 864 820 querenti

182 843 303 879 iactat
329 841 507 886 ultorem,
534 851 658 888 vagus
684 842 725 875 et
751 837 910 875 sinistra

183 905 329 943 labitur
354 905 440 953 ripa
466 904 562 941 Iove
588 915 669 939 non
695 902 885 951 probante
911 913 952 937 u·

340 969 475 1006 xorius
500 968 636 1005 amnis.

185 1044 318 1082 audiet
344 1043 447 1080 cives
473 1042 620 1079 acuisse
645 1040 805 1086 ferrum,

186 1120 262 1157 quo
288 1119 426 1156 graves
451 1106 592 1143 Persae
619 1103 757 1141 melius
784 1102 968 1151 perirent,

186 1169 318 1207 audiet
344 1181 493 1218 pugnas
519 1167 618 1204 vitio
644 1170 851 1215 parentum

343 1244 432 1268 rara
457 1231 650 1267 iuventus.

187 1317 301 1355 quem
327 1308 439 1342 vocet
465 1303 599 1339 divum
626 1299 792 1350 populus
818 1297 969 1336 ruentis

186 1369 325 1418 imperi
350 1367 489 1404 rebus?
514 1377 625 1415 prece
652 1377 729 1413 qua
755 1362 924 1411 fatigent

186 1433 356 1483 virgines
382 1435 536 1468 sanctae
563 1429 692 1466 minus
718 1426 941 1464 audientem

343 1495 514 1534 carmina
532 1493 720 1530 Vestam?

187 1575 250 1612 cui
276 1573 386 1611 dabit
412 1575 542 1621 partes
568 1568 691 1606 scelus
717 1565 903 1616 expiandi

187 1636 390 1687 Iuppiter‘ss
415 1634 574 1672 tandem
600 1632 735 1669 venias
760 1641 962 1679 precamur

191 1697 295 1734 nube
320 1694 526 1732 candentes
552 1705 704 1730 umeros
731 1693 896 1730 amictus

350 1769 474 1806 augur
500 1756 669 1805 Ap01103

188 1839 270 1876 sive
295 1842 341 1874 tu
368 1836 503 1878 mavis,
531 1833 700 1882 Erycina
728 1831 870 1876 ridens,

188 1914 304 1951 quam
330 1900 445 1937 Iocus
471 1899 614 1935 circum
640 1896 747 1933 volat
774 1898 814 1931 et
842 1892 1015 1942 Cupido;

190 1965 271 2003 sive
296 1963 513 2013 neglectum
539 1971 661 2010 genus
686 1963 727 1996 et
753 1960 912 2006 nepotes

346 2025 502 2076 respicis
527 2027 673 2068 auctor,

1223 1973 1256 1999 33
